@book{ammann2008introduction,
  title={Introduction to software testing},
  author={Ammann, Paul and Offutt, Jeff},
  year={2008},
  publisher={Cambridge University Press}
}

@article{Lahiri,
 author = {Lahiri, Shuvendu and Qadeer, Shaz},
 title = {Back to the Future: Revisiting Precise Program Verification Using SMT Solvers},
 journal = {SIGPLAN Not.},
 issue_date = {January 2008},
 volume = {43},
 number = {1},
 month = jan,
 year = {2008},
 issn = {0362-1340},
 pages = {171--182},
 numpages = {12},
 url = {http://doi.acm.org/10.1145/1328897.1328461},
 doi = {10.1145/1328897.1328461},
 acmid = {1328461},
 publisher = {ACM},
 address = {New York, NY, USA},
 keywords = {SMT solvers, decision procedures, heap-manipulating programs, linked lists, reachability, software verification},
}

@book{alloy,
  title={Software Abstractions: logic, language, and analysis},
  author={Jackson, Daniel},
  year={2012},
  publisher={MIT press}
}

@inproceedings{rubicon,
  title={Rubicon: bounded verification of web applications},
  author={Near, Joseph P and Jackson, Daniel},
  booktitle={Proceedings of the ACM SIGSOFT 20th International Symposium on the Foundations of Software Engineering},
  pages={60},
  year={2012},
  organization={ACM}
}

@article{d2008survey,
  title={A survey of automated techniques for formal software verification},
  author={D'silva, Vijay and Kroening, Daniel and Weissenbacher, Georg},
  journal={IEEE Transactions on Computer-Aided Design of Integrated Circuits and Systems},
  volume={27},
  number={7},
  pages={1165--1178},
  year={2008},
  publisher={IEEE}
}

@book{takanen2008fuzzing,
  title={Fuzzing for software security testing and quality assurance},
  author={Takanen, Ari and Demott, Jared D and Miller, Charles},
  year={2008},
  publisher={Artech House}
}

@article{claessen2011quickcheck,
  title={QuickCheck: a lightweight tool for random testing of Haskell programs},
  author={Claessen, Koen and Hughes, John},
  journal={Acm sigplan notices},
  volume={46},
  number={4},
  pages={53--64},
  year={2011},
  publisher={ACM}
}

@article{Dijkstra:gcl,
 author = {Dijkstra, Edsger W.},
 title = {Guarded Commands, Nondeterminacy and Formal Derivation of Programs},
 journal = {Commun. ACM},
 issue_date = {Aug. 1975},
 volume = {18},
 number = {8},
 month = aug,
 year = {1975},
 issn = {0001-0782},
 pages = {453--457},
 numpages = {5},
 url = {http://doi.acm.org/10.1145/360933.360975},
 doi = {10.1145/360933.360975},
 acmid = {360975},
 publisher = {ACM},
 address = {New York, NY, USA},
 keywords = {case-construction, correctness proof, derivation of programs, nondeterminancy, program semantics, programming language semantics, programming languages, programming methodology, repetition, sequencing primitives, termination},
}

@misc{afl,
  title = {American {F}uzzy {L}op official website},
  howpublished = {\url{http://lcamtuf.coredump.cx/afl/}},
  note = {Accessed: 2017-01-16}
}
